% This file was created with JabRef 2.3.1.
% Encoding: ISO8859_1

@article{Picture-Title-Page,
    author = "DNV",
    title  = "Fresh breeze for offshore wind farms",
    month  = "mar",
    year   = "2018",
    url    = "https://www.dnv.com/expert-story/maritime-impact/Fresh-breeze-for-offshore-wind-farms/"
}

@article{IEA2024,
  title = {Renewables 2023},
  author = {{International Energy Agency}},
  year = {2024},
  publisher = {IEA},
  address = {Paris},
  url = {https://www.iea.org/reports/renewables-2023},
  note = {Licence: CC BY 4.0}
}

@report{EnergyInstitute2024,
  title={Statistical Review of World Energy 2024},
  author={{Energy Institute}},
  year={2024},
  institution={Energy Institute},
  url={https://www.energyinst.org/statistical-review},
  isbn={978 1 78725 408 4},
  issn={2976-7857},
  note={73rd edition}
}

@report{IEA2021,
  title={Net Zero by 2050: A Roadmap for the Global Energy Sector},
  author={{International Energy Agency}},
  year={2021},
  url={https://www.iea.org/reports/net-zero-by-2050}
}

@misc{GWEC2024,
  title={Global Wind Report 2024},
  author={{Global Wind Energy Council}},
  year={2024},
  url={https://gwec.net/global-wind-report-2024/}
}

@misc{GWEC2024Offshore,
  title={Global Offshore Wind Report 2024},
  author={{Global Wind Energy Council}},
  year={2024},
  url={https://gwec.net/global-offshore-wind-report-2024/}
}

@article{Murphy1993,
  author = {Murphy, A. H.},
  title = {The value of a forecast: A guide to economic considerations in weather forecasting},
  journal = {Bulletin of the American Meteorological Society},
  volume = {74},
  number = {8},
  pages = {1415--1424},
  year = {1993}
}

@book{Wilks2011,
  author = {Wilks, D. S.},
  title = {Statistical Methods in the Atmospheric Sciences},
  publisher = {Academic Press},
  year = {2011}
}

@article{Boccaletti2019,
  author = {Boccaletti, G. and Cianferoni, F.},
  title = {Offshore wind farm installation: The impact of weather on logistics},
  journal = {Renewable Energy},
  volume = {139},
  pages = {251--260},
  year = {2019}
}

@article{Kelley2018,
  author = {Kelley, J. M. and others},
  title = {The influence of weather and climate on the performance of offshore wind farms},
  journal = {Renewable Energy},
  volume = {126},
  pages = {370--378},
  year = {2018}
}

@article{Zhang2019,
  author = {Zhang, Y. and others},
  title = {A review of hybrid forecasting models for wind speed prediction},
  journal = {Renewable and Sustainable Energy Reviews},
  volume = {112},
  pages = {377--396},
  year = {2019}
}

@article{Huang2020,
  author = {Huang, C. and others},
  title = {Probabilistic forecasting of wind power generation based on Bayesian Neural Networks},
  journal = {Applied Energy},
  volume = {258},
  pages = {114041},
  year = {2020}
}

@article{Li2021,
  author = {Li, Y. and others},
  title = {Deep learning for wind power forecasting: A comprehensive review},
  journal = {IEEE Transactions on Sustainable Energy},
  volume = {12},
  number = {4},
  pages = {2360--2370},
  year = {2021}
}

@book{coiffier2011,
  title={Fundamentals of Numerical Weather Prediction},
  author={Jean Coiffier},
  year={2011},
  publisher={Cambridge University Press},
  isbn={978-1-107-00103-9}
}

@article{bauer2015,
  title={The quiet revolution of numerical weather prediction},
  author={Bauer, Peter and Thorpe, Alan and Brunet, Gilbert},
  journal={Nature},
  volume={525},
  number={7567},
  pages={47-55},
  year={2015},
  publisher={Nature Publishing Group}
}

@book{box2015time,
  title     = {Time Series Analysis: Forecasting and Control},
  author    = {Box, George E. P. and Jenkins, Gwilym M. and Reinsel, Gregory C. and Ljung, Greta M.},
  edition   = {5},
  year      = {2015},
  publisher = {Wiley},
}

@book{hyndman2018forecasting,
  title={Forecasting: Principles and Practice},
  author={Hyndman, Rob J. and Athanasopoulos, George},
  year={2018},
  edition={3rd},
  publisher={OTexts},
  url={https://otexts.com/fpp3/exponential-smoothing.html}
}

@article{leutbecher2008ensemble,
  title={Ensemble forecasting},
  author={Leutbecher, Martin and Palmer, Tim N.},
  journal={Journal of Computational Physics},
  volume={227},
  number={7},
  pages={3515--3539},
  year={2008},
  publisher={Elsevier},
  doi={10.1016/j.jcp.2007.02.014}
}

@article{buyuksahin2019improving,
  title={Improving forecasting accuracy of time series data using a new ARIMA-ANN hybrid method and empirical mode decomposition},
  author={B{\"u}y{\"u}ksahin, Ugur and Ertekin, Sencer},
  journal={Neurocomputing},
  volume={361},
  pages={151--163},
  year={2019},
  publisher={Elsevier},
  doi={10.1016/j.neucom.2019.05.099}
}

@book{haykin1994neural,
  title={Neural Networks: A Comprehensive Foundation},
  author={Haykin, Simon},
  year={1994},
  publisher={Prentice Hall},
  address={Upper Saddle River, NJ, USA}
}

@article{zhang2003time,
  title={Time series forecasting using a hybrid ARIMA and neural network model},
  author={Zhang, G. Peter},
  journal={Neurocomputing},
  volume={50},
  pages={159--175},
  year={2003},
  publisher={Elsevier},
  doi={10.1016/S0925-2312(01)00702-0}
}

@inproceedings{cofino2002bayesian,
  title={Bayesian Networks for Probabilistic Weather Prediction},
  author={Cofi{\~n}o, Antonio S. and Cano, Rafael and Sordo, Carlos M. and Guti{\'e}rrez, Jos{\'e} M.},
  booktitle={ECAI 2002. Proceedings of the 15th European Conference on Artificial Intelligence},
  pages={695--700},
  year={2002},
  publisher={IOS Press}
}

@article{mackay1992bayesian,
  title={A practical Bayesian framework for backpropagation networks},
  author={MacKay, David J. C.},
  journal={Neural Computation},
  volume={4},
  number={3},
  pages={448--472},
  year={1992},
  publisher={MIT Press},
  doi={10.1162/neco.1992.4.3.448}
}

@article{mae2022uncertainty,
  title={Uncertainty Propagation for Dropout-Based Bayesian Neural Networks},
  author={Mae, Yuki and Kumagai, Wataru and Kanamori, Takafumi},
  journal={Journal of Machine Learning Research},
  volume={23},
  number={1},
  pages={1--24},
  year={2022},
  publisher={Elsevier},
  doi={10.1016/j.jmlr.2022.10.001}
}

@techreport{boer2022installation,
  title = {Modelling and estimating the installation duration and cost for an offshore wind farm: With and without the consideration of weather limits},
  author = {Boer, Hugo},
  year = {2022},
  institution = {Delft University of Technology and Norwegian University of Science and Technology},
  type = {Research Assignment},
  note = {Supervisors: Prof. Zhen Gao (NTNU) and Dr. Xiaoli Jiang (TU Delft)}
}

@techreport{overvliet2023uncertainty,
  title = {Evaluating the Effects of Weather Prediction Uncertainty on the Duration and Cost of Offshore Wind Farm Installation},
  author = {Overvliet, C.},
  year = {2023},
  institution = {Delft University of Technology, Faculty of Mechanical, Maritime, and Materials Engineering},
  type = {Research Assignment},
  note = {Supervisors: Dr. X. Jiang and M. Borsotti, Report Number: 2023.MME.8776}
}

@article{salman2018single,
  title={Single Layer \& Multi-layer Long Short-Term Memory (LSTM) Model with Intermediate Variables for Weather Forecasting},
  author={Salman, Afan Galih and Heryadi, Yaya and Abdurahman, Edi and Suparta, Wayan},
  journal={Procedia Computer Science},
  volume={135},
  pages={89--98},
  year={2018},
  publisher={Elsevier},
  issn={1877-0509},
  doi={10.1016/j.procs.2018.08.153}
}

@article{lin2015joint,
  title={Joint Distribution of Environmental Condition at Five European Offshore Sites for Design of Combined Wind and Wave Energy Devices},
  author={Lin, Li and Gao, Zhen and Moan, Torgeir},
  journal={Journal of Offshore Mechanics and Arctic Engineering},
  volume={137},
  number={3},
  year={2015},
  doi={10.1115/1.4029842}
}

@article{gneiting2005weather,
  title = {Weather Forecasting with Ensemble Methods},
  author = {Gneiting, Tilmann and Raftery, Adrian E.},
  journal = {Science},
  volume = {310},
  number = {5746},
  pages = {248--249},
  year = {2005},
  doi = {10.1126/science.1119092},
  url = {https://science.sciencemag.org/content/310/5746/248}
}

@article{gal2016dropout,
  title={Dropout as a Bayesian approximation: Representing model uncertainty in deep learning},
  author={Gal, Yarin and Ghahramani, Zoubin},
  journal={Proceedings of the 33rd International Conference on Machine Learning (ICML)},
  volume={48},
  pages={1050--1059},
  year={2016}
}

@article{hochreiter1997long,
  title={Long Short-Term Memory},
  author={Hochreiter, Sepp and Schmidhuber, JÃ¼rgen},
  journal={Neural Computation},
  volume={9},
  number={8},
  pages={1735--1780},
  year={1997},
  publisher={MIT Press}
}

@inproceedings{siami2019comparison,
  title={A Comparison of ARIMA and LSTM in Forecasting Time Series},
  author={Siami-Namini, Saeed and Tavakoli, Neda and Namin, Akbar Siami},
  booktitle={2018 17th IEEE International Conference on Machine Learning and Applications (ICMLA)},
  pages={1394--1401},
  year={2019},
  organization={IEEE}
}

@misc{DNV2018,
  author       = {{DNV GL}},
  title        = {Fresh Breeze for Offshore Wind Farms},
  year         = {2018},
  howpublished = {\url{https://www.dnv.com/expert-story/maritime-impact/Fresh-breeze-for-offshore-wind-farms/}},
  note         = {Accessed: 2025-02-27}
}

@article{hagan1994training,
  title={Training feedforward networks with the Marquardt algorithm},
  author={Hagan, M. T. and Menhaj, M. B.},
  journal={IEEE Transactions on Neural Networks},
  volume={5},
  number={6},
  pages={989--993},
  year={1994},
  publisher={IEEE}
}

@book{pugh1987tides,
  title={Tides, Surges and Mean Sea-Level: A Handbook for Engineers and Scientists},
  author={Pugh, David T.},
  year={1987},
  publisher={John Wiley \& Sons}
}

@book{montgomery2012introduction,
  title        = {Introduction to Linear Regression Analysis},
  author       = {Montgomery, Douglas C. and Peck, Elizabeth A. and Vining, G. Geoffrey},
  edition      = {5th},
  year         = {2012},
  publisher    = {Wiley},
}
